@Book{kopka04,
  author    = {Kopka, Helmut and Daly, Patrick W.},
  title     = {Guide to \LaTeX},
  publisher = {Addison-Wesley},
  year      = {2004},
  edition   = {4},
}

@Book{goossens04,
  author =    {Mittelbach, Frank and Goossens, Michel},
  title =     {The \LaTeX{} Companion},
  publisher = {Addison-Wesley},
  year =      {2004},
  edition =   {2},
}

@Online{latexwiki,
  title =     {\LaTeX},
  url = "https://en.wikibooks.org/wiki/LaTeX",
  urldate = {2021-07-01},
}

@Book{casella2001,
  title     = {Statistical inference},
  author    = {Casella, George and Berger, Roger L},
  year      = {2001},
  publisher = {Cengage Learning}
}

@Mastersthesis{cdeutsch-master,
  author = {Christopher Deutsch},
  title  = {Identification and Classification of Hadronic Tau Lepton Decays
           in the ATLAS Experiment for Run 2 of the LHC},
  school = {Universit{\"a}t Bonn},
  year   = {2017},
}

@Book{cowan1998,
  author = {Cowan, Glen},
  title  = {Statistical Data Analysis},
  publisher = {Oxford University Press},
  year      = {1998},
}

@Article{barlow1993,
  author       = "Barlow, Roger J. and Beeston, Christine",
  title        = "{Fitting using finite Monte Carlo samples}",
  reportNumber = "MAN-HEP-93-1",
  doi          = "10.1016/0010-4655(93)90005-W",
  journal      = "Comput. Phys. Commun.",
  volume       = "77",
  pages        = "219--228",
  year         = "1993",
}

@Report{cranmer2012,
  author        = "Cranmer, Kyle and Lewis, George and Moneta, Lorenzo and
                   Shibata, Akira and Verkerke, Wouter",
  title         = "{HistFactory: A tool for creating statistical models for
                   use with RooFit and RooStats}",
  institution   = "New York U.",
  collaboration = "ROOT Collaboration",
  address       = "New York",
  reportNumber  = "CERN-OPEN-2012-016",
  month         = {1},
  year          = {2021},
  url           = "https://cds.cern.ch/record/1456844",
}

@misc{conway2011,
  title         = {Incorporating Nuisance Parameters in Likelihoods for Multisource Spectra},
  author        = {J. S. Conway},
  year          = {2011},
  eprint        = {1103.0354},
  archivePrefix = {arXiv},
  primaryClass  = {physics.data-an},
}


@Book{cramer1999,
  title = {Mathematical Methods of Statistics},
  author = {Cramér, Harald},
  year = {1999},
  publisher = {Princeton University Press},
}


@Article{neyman1933,
  author = {Neyman, Jerzy  and Pearson, Egon Sharpe  and Pearson, Karl },
  title = {IX. On the problem of the most efficient tests of
                  statistical hypotheses},
  journal = {Philosophical Transactions of the Royal Society of
                  London. Series A, Containing Papers of a
                  Mathematical or Physical Character},
  volume = {231},
  number = {694-706},
  pages = {289-337},
  year = {1933},
  doi = {10.1098/rsta.1933.0009},
  URL = {https://royalsocietypublishing.org/doi/abs/10.1098/rsta.1933.0009},
  eprint = {https://royalsocietypublishing.org/doi/pdf/10.1098/rsta.1933.0009},
}


@Misc{lwtnn,
  author       = {Daniel Hay Guest and
                  Joshua Wyatt Smith and
                  Michela Paganini and
                  Michael Kagan and
                  Marie Lanfermann and
                  Attila Krasznahorkay and
                  Daniel Edison Marley},
  title        = {lwtnn/lwtnn: Version 2.8.1},
  month        = mar,
  year         = 2019,
  doi          = {10.5281/zenodo.2583131},
  url          = {https://doi.org/10.5281/zenodo.2583131}
}


@Misc{keras,
  title        = {Keras},
  author       = {Chollet, Fran\c{c}ois and others},
  year         = {2015},
  howpublished = {\url{https://keras.io}},
}


@Misc{tensorflow2015-whitepaper,
  title        = {{TensorFlow}: Large-Scale Machine Learning on Heterogeneous Systems},
  note         = {Software available from tensorflow.org},
  author       = {Abadi, Mart\'{i}n and others},
  year         = {2015},
  howpublished = {\url{https://www.tensorflow.org}},
}


@Article{lstm,
  author  = {Hochreiter, Sepp and Schmidhuber, Jürgen},
  title   = {Long Short-Term Memory},
  journal = {Neural Computation},
  volume  = {9},
  number  = {8},
  pages   = {1735-1780},
  year    = {1997},
  doi     = {10.1162/neco.1997.9.8.1735},
  URL     = {https://doi.org/10.1162/neco.1997.9.8.1735},
  eprint  = {https://doi.org/10.1162/neco.1997.9.8.1735}
}


@Article{LUCID2,
    author  = {G. Avoni and others},
    title   = {The new LUCID-2 detector for luminosity measurement and monitoring in ATLAS},
    journal = {JINST},
    volume  = {13},
    number  = {07},
    pages   = {P07017},
    doi     = {10.1088/1748-0221/13/07/P07017},
    year    = {2018},
}


@Article{Baldi:2016fzo,
    author = "Baldi, Pierre and Cranmer, Kyle and Faucett, Taylor and Sadowski, Peter and Whiteson, Daniel",
    title = "{Parameterized neural networks for high-energy physics}",
    eprint = "1601.07913",
    archivePrefix = "arXiv",
    primaryClass = "hep-ex",
    doi = "10.1140/epjc/s10052-016-4099-4",
    journal = "Eur. Phys. J. C",
    volume = "76",
    number = "5",
    pages = "235",
    year = "2016"
}
